@inproceedings{zhang2025learning,
  title={Learning about Inductive Potential from Generic Statements},
  author={Zhang, Marianna Y. and Leslie, Sarah-Jane and Rhodes, Marjorie and Ho, Mark K.},
  year={2025},
  volume={},
  pages={},
  publisher={},
  address={},
  booktitle={Proceedings of the 47th Annual Conference of the Cognitive Science Society},
  editor={},
}

@misc{dippl,
  title = {{The Design and Implementation of Probabilistic Programming Languages}},
  author = {Goodman, Noah D and Stuhlm\"{u}ller, Andreas},
  year = {2014},
  howpublished = {\url{http://dippl.org}},
}

@article{van2018introduction,
  title={An introduction to probabilistic programming},
  author={Van De Meent, Jan-Willem and Paige, Brooks and Yang, Hongseok and Wood, Frank},
  journal={arXiv preprint arXiv:1809.10756},
  year={2018}
}

@article{goodman2012church,
  title={Church: a language for generative models},
  author={Goodman, Noah and Mansinghka, Vikash and Roy, Daniel M and Bonawitz, Keith and Tenenbaum, Joshua B},
  journal={arXiv preprint arXiv:1206.3255},
  year={2012}
}

@book{griffiths2024,
  title     = "Bayesian Models of Cognition: Reverse Engineering the Mind",
  author    = "Griffiths, Thomas L. and Chater, Nick and Tenenbaum, Joshua B.",
  year      = "2024",
  publisher = "MIT Press",
}

@inproceedings{van2007python,
  title={Python programming language.},
  author={Van Rossum, Guido and others},
  booktitle={USENIX annual technical conference},
  volume={41},
  number={1},
  pages={1--36},
  year={2007},
  organization={Santa Clara, CA}
}

@article{abril2023pymc,
  title={PyMC: a modern, and comprehensive probabilistic programming framework in Python},
  author={Abril-Pla, Oriol and Andreani, Virgile and Carroll, Colin and Dong, Larry and Fonnesbeck, Christopher J and Kochurov, Maxim and Kumar, Ravin and Lao, Junpeng and Luhmann, Christian C and Martin, Osvaldo A and others},
  journal={PeerJ Computer Science},
  volume={9},
  pages={e1516},
  year={2023},
  publisher={PeerJ Inc.}
}

@article{bingham2019pyro,
  title={Pyro: Deep universal probabilistic programming},
  author={Bingham, Eli and Chen, Jonathan P and Jankowiak, Martin and Obermeyer, Fritz and Pradhan, Neeraj and Karaletsos, Theofanis and Singh, Rohit and Szerlip, Paul and Horsfall, Paul and Goodman, Noah D},
  journal={Journal of machine learning research},
  volume={20},
  number={28},
  pages={1--6},
  year={2019}
}

@inproceedings{ritchie2016c3,
  title = {C3: {{Lightweight Incrementalized MCMC}} for {{Probabilistic Programs}} Using {{Continuations}} and {{Callsite Caching}}},
  booktitle = {Proceedings of the 19th {{International Conference}} on {{Artificial Intelligence}} and {{Statistics}}},
  author = {Ritchie, Daniel and Stuhlm{\"u}ller, Andreas and Goodman, Noah},
  year = {2016},
  pages = {28--37},
  publisher = {PMLR}
}

@incollection{kluyver2016jupyter,
  title={Jupyter Notebooks--a publishing format for reproducible computational workflows},
  author={Kluyver, Thomas and Ragan-Kelley, Benjamin and P{\'e}rez, Fernando and Granger, Brian and Bussonnier, Matthias and Frederic, Jonathan and Kelley, Kyle and Hamrick, Jessica and Grout, Jason and Corlay, Sylvain and others},
  booktitle={Positioning and power in academic publishing: Players, agents and agendas},
  pages={87--90},
  year={2016},
  publisher={IOS press}
}
