% --------------------------------------------------------------------
% CITATION.bib file for
% This file provides citation information for users
% who want to cite the library, related papers, and books.
% --------------------------------------------------------------------

@software{scikit-plots:vlatest,
  author  = { The scikit-plots developers },
  license = { BSD-3-Clause },
  doi     = { 10.5281/zenodo.13367000 },
  month   = { 11 },
  title   = {{ scikit-plots: Machine Learning Visualization in Python }},
  url     = { https://github.com/scikit-plots/scikit-plots },
  version = { latest },
  year    = { 2024 },
  note    = { Documentation available at \url{ https://scikit-plots.github.io/dev } },
  message = { Scikit-plot is the result of an unartistic data scientist's dreadful realization that visualization is one of the most crucial components in the data science process, not just a mere afterthought. },
}
