@inproceedings{Hennhofer2024,
	title        = {{ Leave-One-Out-, Bootstrap- and Cross-Conformal Anomaly Detectors }},
	author       = {Hennhofer, Oliver and Preisach, Christine},
	year         = 2024,
	month        = {Dec},
	booktitle    = {2024 IEEE International Conference on Knowledge Graph (ICKG)},
	publisher    = {IEEE Computer Society},
	address      = {Los Alamitos, CA, USA},
	pages        = {110--119},
	doi          = {10.1109/ICKG63256.2024.00022},
	url          = {https://doi.ieeecomputersociety.org/10.1109/ICKG63256.2024.00022}
}

@article{Bates2023,
	title        = {Testing for outliers with conformal p-values},
	author       = {Bates,  Stephen and Candès,  Emmanuel and Lei,  Lihua and Romano,  Yaniv and Sesia,  Matteo},
	year         = 2023,
	month        = feb,
	journal      = {The Annals of Statistics},
	publisher    = {Institute of Mathematical Statistics},
	volume       = 51,
	number       = 1,
	doi          = {10.1214/22-aos2244},
	issn         = {0090-5364},
	url          = {http://dx.doi.org/10.1214/22-AOS2244}
}

@inproceedings{Jin2023,
	title        = {Model-free selective inference under covariate shift via weighted conformal p-values},
	author       = {Ying Jin and Emmanuel J. Cand{\`e}s},
	year         = 2023,
	url          = {https://api.semanticscholar.org/CorpusID:259950903}
}

@inproceedings{Laxhammar2010,
author = {Laxhammar, Rikard and Falkman, G\"{o}ran},
title = {Conformal prediction for distribution-independent anomaly detection in streaming vessel data},
year = {2010},
isbn = {9781450302265},
publisher = {Association for Computing Machinery},
address = {New York, NY, USA},
url = {https://doi.org/10.1145/1833280.1833287},
doi = {10.1145/1833280.1833287},
booktitle = {Proceedings of the First International Workshop on Novel Data Stream Pattern Mining Techniques},
pages = {47–55},
numpages = {9},
keywords = {anomaly detection, conformal prediction, sea surveillance},
location = {Washington, D.C.},
series = {StreamKDD '10}
}

@inproceedings{Petsche1994,
  author    = {Thomas Petsche and Mark Gluck},
  title     = {Workshop on Novelty Detection and Adaptive System Monitoring},
  booktitle = {Advances in Neural Information Processing Systems (NIPS)},
  year      = {1994}
}

@inbook{Papadopoulos2002,
  title = {Inductive Confidence Machines for Regression},
  ISBN = {9783540367550},
  ISSN = {0302-9743},
  url = {http://dx.doi.org/10.1007/3-540-36755-1_29},
  DOI = {10.1007/3-540-36755-1_29},
  booktitle = {Machine Learning: ECML 2002},
  publisher = {Springer Berlin Heidelberg},
  author = {Papadopoulos,  Harris and Proedrou,  Kostas and Vovk,  Volodya and Gammerman,  Alex},
  year = {2002},
  pages = {345–356}
}

@book{Vovk2005,
    author = {Vovk, Vladimir and Gammerman, Alex and Shafer, Glenn},
    title = {Algorithmic learning in a random world},
    year = {2005},
    isbn = {0387001522},
    publisher = {Springer-Verlag},
    address = {Berlin, Heidelberg}
}

@article{Lei2012,
    author = {Lei, Jing and Wasserman, Larry},
    title = {Distribution-free prediction bands for non-parametric regression},
    journal = {Journal of the Royal Statistical Society Series B: Statistical Methodology},
    volume = {76},
    number = {1},
    pages = {71-96},
    year = {2013},
    month = {07},
    issn = {1369-7412},
    doi = {10.1111/rssb.12021},
    url = {https://doi.org/10.1111/rssb.12021},
    eprint = {https://academic.oup.com/jrsssb/article-pdf/76/1/71/49514328/jrsssb\_76\_1\_71.pdf},
}

@article{Zhao2019,
    author  = {Zhao, Yue and Nasrullah, Zain and Li, Zheng},
    title   = {PyOD: A Python Toolbox for Scalable Outlier Detection},
    journal = {Journal of Machine Learning Research},
    year    = {2019},
    volume  = {20},
    number  = {96},
    pages   = {1-7},
    url     = {http://jmlr.org/papers/v20/19-011.html}
}

@article{Zhao2024,
    author  = {Chen, Sihan and Qian, Zhuangzhuang and Siu, Wingchun and Hu, Xingcan and Li, Jiaqi and Li, Shawn and Qin, Yuehan and Yang, Tiankai and Xiao, Zhuo and Ye, Wanghao and Zhang, Yichi and Dong, Yushun and Zhao, Yue},
    title   = {PyOD 2: A Python Library for Outlier Detection with LLM-powered Model Selection},
    journal = {arXiv preprint arXiv:2412.12154},
    year    = {2024}
}

@article{Benjamini1995,
    added-at = {2018-12-02T16:09:07.000+0100},
    author = {Benjamini, Yoav and Hochberg, Yosef},
    biburl ={https://www.bibsonomy.org/bibtex/21afb7e66e1c2bd0490edd9e3c7dd199d/karthikraman},
    citeulike-article-id = {1042553},
    citeulike-linkout-0 = {http://dx.doi.org/10.2307/2346101},
    citeulike-linkout-1 = {http://www.jstor.org/stable/2346101},
    doi = {10.2307/2346101},
    interhash = {b38b0e6655978ad8c7d8455b175c2cbf},
    intrahash = {1afb7e66e1c2bd0490edd9e3c7dd199d},
    issn = {00359246},
    journal = {Journal of the Royal Statistical Society. Series B (Methodological)},
    keywords = {math},
    number = 1,
    pages = {289--300},
    posted-at = {2010-09-07 09:57:03},
    priority = {2},
    publisher = {Blackwell Publishing for the Royal Statistical Society},
    timestamp = {2018-12-02T16:09:07.000+0100},
    title = {Controlling the false discovery rate: a practical and powerful approach to multiple testing},
    url = {http://dx.doi.org/10.2307/2346101},
    volume = 57,
    year = 1995
}

@article{Benjamini2009,
  title = {Selective inference in complex research},
  volume = {367},
  ISSN = {1471-2962},
  url = {http://dx.doi.org/10.1098/rsta.2009.0127},
  DOI = {10.1098/rsta.2009.0127},
  number = {1906},
  journal = {Philosophical Transactions of the Royal Society A: Mathematical,  Physical and Engineering Sciences},
  publisher = {The Royal Society},
  author = {Benjamini,  Yoav and Heller,  Ruth and Yekutieli,  Daniel},
  year = {2009},
  month = nov,
  pages = {4255–4271}
}

@inproceedings{Tibshirani2019,
 author = {Tibshirani, Ryan J and Foygel Barber, Rina and Candes, Emmanuel and Ramdas, Aaditya},
 booktitle = {Advances in Neural Information Processing Systems},
 editor = {H. Wallach and H. Larochelle and A. Beygelzimer and F. d\textquotesingle Alch\'{e}-Buc and E. Fox and R. Garnett},
 pages = {},
 publisher = {Curran Associates, Inc.},
 title = {Conformal Prediction Under Covariate Shift},
 url = {https://proceedings.neurips.cc/paper_files/paper/2019/file/8fb21ee7a2207526da55a679f0332de2-Paper.pdf},
 volume = {32},
 year = {2019}
}

@misc{Jon2023,
      title={Model-free selective inference under covariate shift via weighted conformal p-values},
      author={Ying Jin and Emmanuel J. Candès},
      year={2023},
      eprint={2307.09291},
      archivePrefix={arXiv},
      primaryClass={stat.ME},
      url={https://arxiv.org/abs/2307.09291},
}

@article{Liang2024,
    author = {Liang, Ziyi and Sesia, Matteo and Sun, Wenguang},
    title = {Integrative conformal p-values for out-of-distribution testing with labelled outliers},
    journal = {Journal of the Royal Statistical Society Series B: Statistical Methodology},
    volume = {86},
    number = {3},
    pages = {671-693},
    year = {2024},
    month = {01},
    issn = {1369-7412},
    doi = {10.1093/jrsssb/qkad138},
    url = {https://doi.org/10.1093/jrsssb/qkad138},
    eprint = {https://academic.oup.com/jrsssb/article-pdf/86/3/671/58504432/qkad138.pdf},
}
