@article{priem2022openalex,
  title = {OpenAlex: A fully-open index of scholarly works, authors, venues, institutions, and concepts},
  author = {Priem, Jason and Piwowar, Heather and Orr, Richard},
  journal = {arXiv preprint arXiv:2205.01833},
  year = {2022},
  doi = {10.48550/arXiv.2205.01833},
  url = {https://arxiv.org/abs/2205.01833}
}

@article{adie2013altmetric,
  title = {Altmetric: enriching scholarly content with article-level discussion and metrics},
  author = {Adie, Euan and Roe, William},
  journal = {Learned Publishing},
  volume = {26},
  number = {1},
  pages = {11--17},
  year = {2013},
  publisher = {Wiley Online Library},
  doi = {10.1087/20130103},
  url = {https://doi.org/10.1087/20130103}
}

@article{hirsch2005index,
  title = {An index to quantify an individual's scientific research output},
  author = {Hirsch, Jorge E},
  journal = {Proceedings of the National Academy of Sciences},
  volume = {102},
  number = {46},
  pages = {16569--16572},
  year = {2005},
  publisher = {National Academy of Sciences},
  doi = {10.1073/pnas.0507655102},
  url = {https://doi.org/10.1073/pnas.0507655102}
}

@article{bornmann2014alternative,
  title = {Do altmetrics point to the broader impact of research? An overview of benefits and disadvantages of altmetrics},
  author = {Bornmann, Lutz},
  journal = {Journal of Informetrics},
  volume = {8},
  number = {4},
  pages = {895--903},
  year = {2014},
  publisher = {Elsevier},
  doi = {10.1016/j.joi.2014.09.005},
  url = {https://doi.org/10.1016/j.joi.2014.09.005}
}

@article{archambault2009comparison,
  title = {Comparing bibliometric statistics obtained from the Web of Science and Scopus},
  author = {Archambault, {\'E}ric and Campbell, David and Gingras, Yves and Larivi{\`e}re, Vincent},
  journal = {Journal of the American Society for Information Science and Technology},
  volume = {60},
  number = {7},
  pages = {1320--1326},
  year = {2009},
  publisher = {Wiley Online Library},
  doi = {10.1002/asi.21062},
  url = {https://doi.org/10.1002/asi.21062}
}

@software{cholewiak2021scholarly,
  title = {scholarly: Simple access to Google Scholar authors and citations},
  author = {Cholewiak, Steven A and Ipeirotis, Panos and Silva, Victor and Kannawadi, Arun},
  year = {2021},
  url = {https://github.com/scholarly-python-package/scholarly},
  version = {1.7.11}
}

@software{plotly,
  title = {Plotly Python Open Source Graphing Library},
  author = {{Plotly Technologies Inc.}},
  year = {2015},
  url = {https://plot.ly/python/}
}

@article{haak2012orcid,
  title = {ORCID: a system to uniquely identify researchers},
  author = {Haak, Laurel L and Fenner, Martin and Paglione, Laura and Pentz, Ed and Ratner, Howard},
  journal = {Learned Publishing},
  volume = {25},
  number = {4},
  pages = {259--264},
  year = {2012},
  publisher = {Wiley Online Library},
  doi = {10.1087/20120404},
  url = {https://doi.org/10.1087/20120404}
}

@article{hendricks2020crossref,
  title = {Crossref: The sustainable source of community-owned scholarly metadata},
  author = {Hendricks, Ginny and Tkaczyk, Dominika and Lin, Jennifer and Feeney, Patricia},
  journal = {Quantitative Science Studies},
  volume = {1},
  number = {1},
  pages = {414--427},
  year = {2020},
  publisher = {MIT Press},
  doi = {10.1162/qss_a_00022},
  url = {https://doi.org/10.1162/qss_a_00022}
}
