% List of references in BibTeX format.
% All references should have a DOI or an arXiv reference (or both) if possible,
% so Bibtex can automagically generate hyperlinks to them.


@misc{Montanez-Barrera_2024,
  author = {Montanez-Barrera, J. A. and Michielsen, Kristel},
  title = {Towards a universal {QAOA} protocol: Evidence of a scaling advantage in solving some combinatorial optimization problems},
  howpublished = {\url{https://arxiv.org/abs/2405.09169}},
  month = {May}, 
  year = {2024},
}


@article{Ozaeta_2020,
  author = {Ozaeta, Asier and van Dam, Wim and McMahon, Peter L},
  title = {Expectation values from the single-layer Quantum Approximate Optimization Algorithm on Ising problems},
  journal = {Quantum Science and Technology},
  volume = {7},
  number = {4},
  publisher = {IOP Publishing},
  month = {Dec},
  year = {2020},
  archivePrefix = {arXiv},
  eprint = {2012.03421},
}


@misc{Kotil_2023,
  author = {Kotil, Ayse and Simkovic, Fedor and Leib, Martin},
  title = {Improved Qubit Routing for {QAOA} Circuits},
  month = {Dec},
  year = {2023},
  howpublished = {\url{https://arxiv.org/abs/2312.15982}},
}


@article{Goemans_1995,
author = {Goemans, Michel X. and Williamson, David P.},
title = {Improved approximation algorithms for maximum cut and satisfiability problems using semidefinite programming},
year = {1995},
issue_date = {Nov. 1995},
publisher = {Association for Computing Machinery},
address = {New York, NY, USA},
volume = {42},
number = {6},
issn = {0004-5411},
url = {https://doi.org/10.1145/227683.227684},
doi = {10.1145/227683.227684},
journal = {J. ACM},
month = nov,
pages = {1115â€“1145},
numpages = {31},
keywords = {Approximation algorithms, convex optimization, randomized algorithms, satisfiability}
}


@article{Misra_1992,
title = {A constructive proof of Vizing's theorem},
journal = {Information Processing Letters},
volume = {41},
number = {3},
pages = {131-133},
year = {1992},
issn = {0020-0190},
doi = {https://doi.org/10.1016/0020-0190(92)90041-S},
url = {https://www.sciencedirect.com/science/article/pii/002001909290041S},
author = {J. Misra and David Gries},
keywords = {Analysis of algorithms, program correctness, graph algorithms, graph coloring}
}

@article{Weidenfeller_2022,
   title={Scaling of the quantum approximate optimization algorithm on superconducting qubit based hardware},
   volume={6},
   ISSN={2521-327X},
   url={http://dx.doi.org/10.22331/q-2022-12-07-870},
   DOI={10.22331/q-2022-12-07-870},
   journal={Quantum},
   publisher={Verein zur Forderung des Open Access Publizierens in den Quantenwissenschaften},
   author={Weidenfeller, Johannes and Valor, Lucia C. and Gacon, Julien and Tornow, Caroline and Bello, Luciano and Woerner, Stefan and Egger, Daniel J.},
   year={2022},
   month={Dec},
   pages={870}
   }

@misc{Wybo_2024,
      title={Missing Puzzle Pieces in the Performance Landscape of the Quantum Approximate Optimization Algorithm}, 
      author={Elisabeth Wybo and Martin Leib},
      year={2024},
      eprint={2406.14618},
      archivePrefix={arXiv},
      primaryClass={quant-ph},
      url={https://arxiv.org/abs/2406.14618}, 
}