@online{WHO,
  author = {\donttouch{World Health Organisation}},
  title ={WHO {G}lobal {H}ealth {E}stimates},
  year = {2019},
  url = {https://www.who.int/data/global-health-estimates},
  urldate = {2022-09-20}
}

@ARTICLE{Axelrod,
  AUTHOR  = {D.A. Axelrod and M.A. Schnitzler and H. Xiao and W. Irish and E. Tuttle-Newhall and S.-H. Chang and B.L. Kasiske and T. Alhamad and K.L. Lentine},
  title={An economic asssessment of contemporary kidney transplant practice},
  journal={Americal Journal of Transplantation},
  year={2018},
  pages={1168--1176},
  volume={18},
  doi = {10.1111/ajt.14702},
}

@article{Hart,
    AUTHOR  = {A. Hart and J.M. Smith and M.A. Skeans and S.K. Gustafson and D.E. Stewart and W.S. Cherikh and J.L. Wainright and A. Kucheryavaya and M. Woodbury and J.J. Snyder and B.L. Kasiske and A.K. Israni},
    TITLE   = {{OPTN/SRTR} 2015 Annual Data Report: Kidney},
    JOURNAL = {American Journal of Transplantation},
    YEAR    = {2017},
    PAGES   = {21--116},
    VOLUME  = {17},
    doi = {10.1111/ajt.14124}
}

@ARTICLE{Wolfe,
    AUTHOR  = {R.A. Wolfe and E.C. Roys and R.M. Merion},
    TITLE   = {Trends in Organ Donation and Transplantation in the {U}nited {S}tates, 1999–2008},
    JOURNAL = {American Journal of Transplantation},
    doi = {10.1111/j.1600-6143.2010.03021.x},
    YEAR    = {2010},
    PAGES   = {961--972},
    VOLUME  = {10}
}

@article{Delorme2022,
title = {New algorithms for hierarchical optimisation in kidney exchange programmes},
journal = {Operations Research (accepted, to appear)},
author = {Maxence Delorme and Sergio García and Jacek Gondzio and Jörg Kalcsics and David Manlove and William Pettersson},
year = {2022},
}

@article{Generator2022,
title = {Improved instance generation for kidney exchange programmes},
journal = {Computers \& Operations Research},
volume = {141},
pages = {105707},
year = {2022},
issn = {0305-0548},
doi = {10.1016/j.cor.2022.105707},
author = {Maxence Delorme and Sergio García and Jacek Gondzio and Jörg Kalcsics and David Manlove and William Pettersson and James Trimble},
keywords = {kidney exchange, Saidman generator, Matheuristic},
}

@article{Dickerson,
author = {Dickerson, John P. and Procaccia, Ariel D. and Sandholm, Tuomas},
title = {Price of Fairness in Kidney Exchange},
journal = {Transplantation},
year = {2014},
pages = {815},
volume = {98},
doi = {10.1097/00007890-201407151-02779}
}

@article{Toulis,
title = {Design and analysis of multi-hospital kidney exchange mechanisms using random graphs},
journal = {Games and Economic Behavior},
volume = {91},
pages = {360-382},
year = {2015},
issn = {0899-8256},
doi = {10.1016/j.geb.2015.01.001},
author = {Panos Toulis and David C. Parkes},
keywords = {Kidney exchange, Random graphs, Mechanism design, Maximum matching, Integer programming, Incentive compatible design},
}
